@article{greenwade93,
    author  = "George D. Greenwade",
    title   = "The {C}omprehensive {T}ex {A}rchive {N}etwork ({CTAN})",
    year    = "1993",
    journal = "TUGBoat",
    volume  = "14",
    number  = "3",
    pages   = "342"
}

@article{harnois12,
      author         = "Harnois-D\'eraps, Joachim and Pen, Ue-Li and Iliev, Ilian
                        T. and Merz, Hugh and Emberson, J. D. and Desjacques,
                        Vincent",
      title          = "{High Performance P3M N-body code: CUBEP3M}",
      journal        = "Mon. Not. Roy. Astron. Soc.",
      volume         = "436",
      year           = "2013",
      pages          = "540",
      doi            = "10.1093/mnras/stt1591",
      eprint         = "1208.5098",
      archivePrefix  = "arXiv",
      primaryClass   = "astro-ph.CO",
      SLACcitation   = "%%CITATION = ARXIV:1208.5098;%%"
      }

@article{schwetz11,
      author         = "Schwetz, Thomas and Tortola, Mariam and Valle, J. W. F.",
      title          = "{Global neutrino data and recent reactor fluxes: status
                        of three-flavour oscillation parameters}",
      journal        = "New J. Phys.",
      volume         = "13",
      year           = "2011",
      pages          = "063004",
      doi            = "10.1088/1367-2630/13/6/063004",
      eprint         = "1103.0734",
      archivePrefix  = "arXiv",
      primaryClass   = "hep-ph",
      reportNumber   = "IFIC-11-08",
      SLACcitation   = "%%CITATION = ARXIV:1103.0734;%%"
}


@inproceedings{guzowski15,
      author         = "Guzowski, Pawel",
      title          = "{A Combined Limit for Neutrinoless Double-Beta Decay}",
      booktitle      = "{Topical Research Meeting on Prospects in Neutrino
                        Physics (NuPhys2014) London, UK, United Kingdom, December
                        15-17, 2014}",
      url            = "http://inspirehep.net/record/1365552/files/arXiv:1504.08285.pdf",
      year           = "2015",
      eprint         = "1504.08285",
      archivePrefix  = "arXiv",
      primaryClass   = "hep-ex",
      SLACcitation   = "%%CITATION = ARXIV:1504.08285;%%"
}

@article{lesgourgues06,
      author         = "Lesgourgues, Julien and Pastor, Sergio",
      title          = "{Massive neutrinos and cosmology}",
      journal        = "Phys. Rept.",
      volume         = "429",
      year           = "2006",
      pages          = "307-379",
      doi            = "10.1016/j.physrep.2006.04.001",
      eprint         = "astro-ph/0603494",
      archivePrefix  = "arXiv",
      primaryClass   = "astro-ph",
      reportNumber   = "LAPTH-1131-05, IFIC-05-59",
      SLACcitation   = "%%CITATION = ASTRO-PH/0603494;%%"
      }

@article{wong11,
     author         = "Wong, Yvonne Y. Y.",
      title          = "{Neutrino mass in cosmology: status and prospects}",
      journal        = "Ann. Rev. Nucl. Part. Sci.",
      volume         = "61",
      year           = "2011",
      pages          = "69-98",
      doi            = "10.1146/annurev-nucl-102010-130252",
      eprint         = "1111.1436",
      archivePrefix  = "arXiv",
      primaryClass   = "astro-ph.CO",
      reportNumber   = "TTK-11-56",
      SLACcitation   = "%%CITATION = ARXIV:1111.1436;%%"
      }


@article{putter12,
     author         = "de Putter, Roland and others",
      title          = "{New Neutrino Mass Bounds from Sloan Digital Sky Survey
                        III Data Release 8 Photometric Luminous Galaxies}",
      journal        = "Astrophys. J.",
      volume         = "761",
      year           = "2012",
      pages          = "12",
      doi            = "10.1088/0004-637X/761/1/12",
      eprint         = "1201.1909",
      archivePrefix  = "arXiv",
      primaryClass   = "astro-ph.CO",
      SLACcitation   = "%%CITATION = ARXIV:1201.1909;%%"
      }

@article{komatsu10,
     author         = "Komatsu, E. and others",
      title          = "{Seven-Year Wilkinson Microwave Anisotropy Probe (WMAP)
                        Observations: Cosmological Interpretation}",
      collaboration  = "WMAP",
      journal        = "Astrophys. J. Suppl.",
      volume         = "192",
      year           = "2011",
      pages          = "18",
      doi            = "10.1088/0067-0049/192/2/18",
      eprint         = "1001.4538",
      archivePrefix  = "arXiv",
      primaryClass   = "astro-ph.CO",
      SLACcitation   = "%%CITATION = ARXIV:1001.4538;%%"
      }

@article{yacine12,
      author         = "Ali-Ha{\"i}moud, Yacine and Bird, Simeon",
      title          = "{An efficient implementation of massive neutrinos in
                        non-linear structure formation simulations}",
      journal        = "Mon. Not. Roy. Astron. Soc.",
      volume         = "428",
      year           = "2012",
      pages          = "3375-3389",
      doi            = "10.1093/mnras/sts286",
      eprint         = "1209.0461",
      archivePrefix  = "arXiv",
      primaryClass   = "astro-ph.CO",
      SLACcitation   = "%%CITATION = ARXIV:1209.0461;%%"
      }

@article{inman15,
      author         = "Inman, Derek and Emberson, J.â€‰D. and Pen, Ue-Li and
                        Farchi, Alban and Yu, Hao-Ran and Harnois-D\'eraps,
                        Joachim",
      title          = "{Precision reconstruction of the cold dark
                        matter-neutrino relative velocity from $N$-body
                        simulations}",
      journal        = "Phys. Rev.",
      volume         = "D92",
      year           = "2015",
      number         = "2",
      pages          = "023502",
      doi            = "10.1103/PhysRevD.92.023502",
      eprint         = "1503.07480",
      archivePrefix  = "arXiv",
      primaryClass   = "astro-ph.CO",
      SLACcitation   = "%%CITATION = ARXIV:1503.07480;%%"
      }


@article{brandbyge08,
      author         = "Brandbyge, Jacob and Hannestad, Steen",
      title          = "{Grid Based Linear Neutrino Perturbations in Cosmological
                        N-body Simulations}",
      journal        = "JCAP",
      volume         = "0905",
      year           = "2009",
      pages          = "002",
      doi            = "10.1088/1475-7516/2009/05/002",
      eprint         = "0812.3149",
      archivePrefix  = "arXiv",
      primaryClass   = "astro-ph",
      SLACcitation   = "%%CITATION = ARXIV:0812.3149;%%"
}



@article{brandbyge09,
      author         = "Brandbyge, Jacob and Hannestad, Steen",
      title          = "{Resolving Cosmic Neutrino Structure: A Hybrid Neutrino
                        N-body Scheme}",
      journal        = "JCAP",
      volume         = "1001",
      year           = "2010",
      pages          = "021",
      doi            = "10.1088/1475-7516/2010/01/021",
      eprint         = "0908.1969",
      archivePrefix  = "arXiv",
      primaryClass   = "astro-ph.CO",
      SLACcitation   = "%%CITATION = ARXIV:0908.1969;%%"
      }


@article{lesgourgues11,
      author         = "Lesgourgues, Julien and Tram, Thomas",
      title          = "{The Cosmic Linear Anisotropy Solving System (CLASS) IV:
                        efficient implementation of non-cold relics}",
      journal        = "JCAP",
      volume         = "1109",
      year           = "2011",
      pages          = "032",
      doi            = "10.1088/1475-7516/2011/09/032",
      eprint         = "1104.2935",
      archivePrefix  = "arXiv",
      primaryClass   = "astro-ph.CO",
      reportNumber   = "CERN-PH-TH-2011-084, LAPTH-012-11",
      SLACcitation   = "%%CITATION = ARXIV:1104.2935;%%"
      }

@article{class11,
      author         = "Lesgourgues, Julien",
      title          = "{The Cosmic Linear Anisotropy Solving System (CLASS) I:
                        Overview}",
      year           = "2011",
      eprint         = "1104.2932",
      archivePrefix  = "arXiv",
      primaryClass   = "astro-ph.IM",
      SLACcitation   = "%%CITATION = ARXIV:1104.2932;%%"
      }

@article{merz05,
      author         = "Merz, Hugh and Pen, Ue-Li and Trac, Hy",
      title          = "{Towards optimal parallel PM N-body codes: PMFAST}",
      journal        = "New Astron.",
      volume         = "10",
      year           = "2005",
      pages          = "393-407",
      doi            = "10.1016/j.newast.2005.02.001",
      eprint         = "astro-ph/0402443",
      archivePrefix  = "arXiv",
      primaryClass   = "astro-ph",
      SLACcitation   = "%%CITATION = ASTRO-PH/0402443;%%"
      }


@article{planck15,
      author         = "Ade, P. A. R. and others",
      title          = "{Planck 2015 results. XIII. Cosmological parameters}",
      collaboration  = "Planck",
      year           = "2015",
      eprint         = "1502.01589",
      archivePrefix  = "arXiv",
      primaryClass   = "astro-ph.CO",
      SLACcitation   = "%%CITATION = ARXIV:1502.01589;%%"
      }

@article{pen97,
      author         = "Pen, Ue-Li and Seljak, Uros and Turok, Neil",
      title          = "{Power spectra in global defect theories of cosmic
                        structure formation}",
      journal        = "Phys. Rev. Lett.",
      volume         = "79",
      year           = "1997",
      pages          = "1611-1614",
      doi            = "10.1103/PhysRevLett.79.1611",
      eprint         = "astro-ph/9704165",
      archivePrefix  = "arXiv",
      primaryClass   = "astro-ph",
      SLACcitation   = "%%CITATION = ASTRO-PH/9704165;%%"
      }

@article{pen94,
      author         = "Pen, Ue-Li and Spergel, David N. and Turok, Neil",
      title          = "{Cosmic structure formation and microwave anisotropies
                        from global field ordering}",
      journal        = "Phys. Rev.",
      volume         = "D49",
      year           = "1994",
      pages          = "692-729",
      doi            = "10.1103/PhysRevD.49.692",
      reportNumber   = "PUP-TH-1375, POP-485",
      SLACcitation   = "%%CITATION = PHRVA,D49,692;%%"
      }

@article{gerbino15,
author="Martina Gerbino and Massimiliano Lattanzi and Alessandro Melchiorri",
title = "The $\nu$ generation: present and future constraints on neutrino masses from cosmology and laboratory experiments",
year = "2015",
eprint = {arXiv:1507.08614}}

@article{shoji10,
      author         = "Shoji, Masatoshi and Komatsu, Eiichiro",
      title          = "{Massive Neutrinos in Cosmology: Analytic Solutions and
                        Fluid Approximation}",
      journal        = "Phys. Rev.",
      volume         = "D81",
      year           = "2010",
      pages          = "123516",
      doi            = "10.1103/PhysRevD.81.123516, 10.1103/PhysRevD.82.089901",
      note           = "[Erratum: Phys. Rev.D82,089901(2010)]",
      eprint         = "1003.0942",
      archivePrefix  = "arXiv",
      primaryClass   = "astro-ph.CO",
      reportNumber   = "TCC-002-10",
      SLACcitation   = "%%CITATION = ARXIV:1003.0942;%%"
      }


@article{navarro13,
  author={Francisco Villaescusa-Navarro and Simeon Bird and Carlos PeÃ±a-Garay and Matteo Viel},
  title={Non-linear evolution of the cosmic neutrino background},
  journal={Journal of Cosmology and Astroparticle Physics},
  volume={2013},
  number={03},
  pages={019},
  url={http://stacks.iop.org/1475-7516/2013/i=03/a=019},
  year={2013},
 eprint = {arXiv:1212.4855}}

@article{turok98,
  title = {Scalar, vector, and tensor contributions to CMB anisotropies from cosmic defects},
  author = {Turok, Neil and Pen, Ue-Li and Seljak, Uro\ifmmode \check{s}\else \v{s}\fi{}},
  journal = {Phys. Rev. D},
  volume = {58},
  issue = {2},
  pages = {023506},
  numpages = {7},
  year = {1998},
  month = {Jun},
  publisher = {American Physical Society},
  doi = {10.1103/PhysRevD.58.023506},
  url = {http://link.aps.org/doi/10.1103/PhysRevD.58.023506},
  eprint = {arXiv:astro-ph/9706250}
}

@article{upadhye14,
  title = {Large-scale structure formation with massive neutrinos and dynamical dark energy},
  author = {Upadhye, Amol and Biswas, Rahul and Pope, Adrian and Heitmann, Katrin and Habib, Salman and Finkel, Hal and Frontiere, Nicholas},
  journal = {Phys. Rev. D},
  volume = {89},
  issue = {10},
  pages = {103515},
  numpages = {16},
  year = {2014},
  month = {May},
  publisher = {American Physical Society},
  doi = {10.1103/PhysRevD.89.103515},
  url = {http://link.aps.org/doi/10.1103/PhysRevD.89.103515},
  eprint = {arXiv:1309.5872}
}

@article{brandbyge082,
      author         = "Brandbyge, Jacob and Hannestad, Steen and Haugbolle,
                        Troels and Thomsen, Bjarne",
      title          = "{The Effect of Thermal Neutrino Motion on the Non-linear
                        Cosmological Matter Power Spectrum}",
      journal        = "JCAP",
      volume         = "0808",
      year           = "2008",
      pages          = "020",
      doi            = "10.1088/1475-7516/2008/08/020",
      eprint         = "0802.3700",
      archivePrefix  = "arXiv",
      primaryClass   = "astro-ph",
      reportNumber   = "IFT-UAM-CSIC-08-11",
      SLACcitation   = "%%CITATION = ARXIV:0802.3700;%%"
      }


@article{msII,
      author         = "Boylan-Kolchin, Michael and Springel, Volker and White,
                        Simon D. M. and Jenkins, Adrian and Lemson, Gerard",
      title          = "{Resolving Cosmic Structure Formation with the
                        Millennium-II Simulation}",
      journal        = "Mon. Not. Roy. Astron. Soc.",
      volume         = "398",
      year           = "2009",
      pages          = "1150",
      doi            = "10.1111/j.1365-2966.2009.15191.x",
      eprint         = "0903.3041",
      archivePrefix  = "arXiv",
      primaryClass   = "astro-ph.CO",
      SLACcitation   = "%%CITATION = ARXIV:0903.3041;%%"
}


@article{press74,
      author         = "Press, William H. and Schechter, Paul",
      title          = "{Formation of galaxies and clusters of galaxies by
                        selfsimilar gravitational condensation}",
      journal        = "Astrophys. J.",
      volume         = "187",
      year           = "1974",
      pages          = "425-438",
      doi            = "10.1086/152650",
      SLACcitation   = "%%CITATION = ASJOA,187,425;%%"
      }


@inbook{schneider,
author={Peter Schneider},
title={Extragalactic Astronomy and Cosmology: An Introduction},
edition={2nd},
year={2015},
publisher={Springer},
chapter={7}
}

@article{bond83,
      author         = "Bond, J. R. and Szalay, A. S.",
      title          = "{The Collisionless Damping of Density Fluctuations in an
                        Expanding Universe}",
      journal        = "Astrophys. J.",
      volume         = "274",
      year           = "1983",
      pages          = "443-468",
      doi            = "10.1086/161460",
      SLACcitation   = "%%CITATION = ASJOA,274,443;%%"
}

@article{holtzman89,
      author         = "Holtzman, Jon A.",
      title          = "{Microwave background anisotropies and large scale
                        structure in universes with cold dark matter, baryons,
                        radiation, and massive and massless neutrinos}",
      journal        = "Astrophys. J. Suppl.",
      volume         = "71",
      year           = "1989",
      pages          = "1-24",
      doi            = "10.1086/191362",
      SLACcitation   = "%%CITATION = APJSA,71,1;%%"
      }


@article{Mangano05,
      author         = "Mangano, Gianpiero and Miele, Gennaro and Pastor, Sergio
                        and Pinto, Teguayco and Pisanti, Ofelia and Serpico,
                        Pasquale D.",
      title          = "{Relic neutrino decoupling including flavor
                        oscillations}",
      journal        = "Nucl. Phys.",
      volume         = "B729",
      year           = "2005",
      pages          = "221-234",
      doi            = "10.1016/j.nuclphysb.2005.09.041",
      eprint         = "hep-ph/0506164",
      archivePrefix  = "arXiv",
      primaryClass   = "hep-ph",
      reportNumber   = "DSF-16-2005, IFIC-05-17, MPP-2005-36",
      SLACcitation   = "%%CITATION = HEP-PH/0506164;%%"
      }

@inbook{peebles,
author={P.J.E. Peebles},
title={Principles of Physical Cosmology},
publisher={Princeton University Press},
chapter={5},
year = {1993}
}

@misc{baumann,
author={Daniel Baumann},
title = {Lecture Notes in Cosmology},
chapter = {4},
url={http://www.damtp.cam.ac.uk/user/db275/Cosmology/Chapter4.pdf}}

@article{park13,
      author         = "Park, Hyunbae and Shapiro, Paul R. and Komatsu, Eiichiro
                        and Iliev, Ilian T. and Ahn, Kyungjin and Mellema,
                        Garrelt",
      title          = "{The Kinetic Sunyaev-Zel'dovich effect as a probe of the
                        physics of cosmic reionization: the effect of
                        self-regulated reionization}",
      journal        = "Astrophys. J.",
      volume         = "769",
      year           = "2013",
      pages          = "93",
      doi            = "10.1088/0004-637X/769/2/93",
      eprint         = "1301.3607",
      archivePrefix  = "arXiv",
      primaryClass   = "astro-ph.CO",
      SLACcitation   = "%%CITATION = ARXIV:1301.3607;%%"
      }
      
@misc{baumann3,
author={Daniel Baumann},
title = {Lecture Notes in Cosmology},
chapter = {3},
url={http://www.damtp.cam.ac.uk/user/db275/Cosmology/Chapter3.pdf}}



@article{park15,
      author         = "Park, Hyunbae and Komatsu, Eiichiro and Shapiro, Paul R.
                        and Koda, Jun and Mao, Yi",
      title          = "{The Impact of Nonlinear Structure Formation on the Power
                        Spectrum of Transverse Momentum Fluctuations and the
                        Kinetic Sunyaev-Zel'dovich Effect}",
      year           = "2015",
      eprint         = "1506.05177",
      archivePrefix  = "arXiv",
      primaryClass   = "astro-ph.CO",
      SLACcitation   = "%%CITATION = ARXIV:1506.05177;%%"
      }

@article{majumdar14,
      author         = "Majumdar, Suman and Mellema, Garrelt and Datta, Kanan K.
                        and Jensen, Hannes and Choudhury, T. Roy and Bharadwaj,
                        Somnath and Friedrich, Martina M.",
      title          = "{On the use of seminumerical simulations in predicting
                        the 21-cm signal from the epoch of reionization}",
      journal        = "Mon. Not. Roy. Astron. Soc.",
      volume         = "443",
      year           = "2014",
      number         = "4",
      pages          = "2843-2861",
      doi            = "10.1093/mnras/stu1342",
      eprint         = "1403.0941",
      archivePrefix  = "arXiv",
      primaryClass   = "astro-ph.CO",
      SLACcitation   = "%%CITATION = ARXIV:1403.0941;%%"
      }

@article{iliev14,
      author         = "Iliev, Ilian T. and Mellema, Garrelt and Ahn, Kyungjin
                        and Shapiro, Paul R. and Mao, Yi and Pen, Ue-Li",
      title          = "{Simulating cosmic reionization: How large a volume is
                        large enough?}",
      journal        = "Mon. Not. Roy. Astron. Soc.",
      volume         = "439",
      year           = "2014",
      number         = "1",
      pages          = "725-743",
      doi            = "10.1093/mnras/stt2497",
      eprint         = "1310.7463",
      archivePrefix  = "arXiv",
      primaryClass   = "astro-ph.CO",
      SLACcitation   = "%%CITATION = ARXIV:1310.7463;%%"
      }

@article{lewis99,
      author         = "Lewis, Antony and Challinor, Anthony and Lasenby,
                        Anthony",
      title          = "{Efficient computation of CMB anisotropies in closed FRW
                        models}",
      journal        = "Astrophys. J.",
      volume         = "538",
      year           = "2000",
      pages          = "473-476",
      doi            = "10.1086/309179",
      eprint         = "astro-ph/9911177",
      archivePrefix  = "arXiv",
      primaryClass   = "astro-ph",
      SLACcitation   = "%%CITATION = ASTRO-PH/9911177;%%"
      }

@article{lewis13,
      author         = "Lewis, Antony",
      title          = "{Efficient sampling of fast and slow cosmological
                        parameters}",
      journal        = "Phys. Rev.",
      volume         = "D87",
      year           = "2013",
      number         = "10",
      pages          = "103529",
      doi            = "10.1103/PhysRevD.87.103529",
      eprint         = "1304.4473",
      archivePrefix  = "arXiv",
      primaryClass   = "astro-ph.CO",
      SLACcitation   = "%%CITATION = ARXIV:1304.4473;%%"
      }



  	
@article{GPC,
  author={Chris Loken and Daniel Gruner and Leslie Groer and Richard Peltier and Neil Bunn and Michael Craig and Teresa
Henriques and Jillian Dempsey and Ching-Hsing Yu and Joseph Chen and L Jonathan Dursi and Jason Chong and Scott
Northrup and Jaime Pinto and Neil Knecht and Ramses Van Zon},
  title={SciNet: Lessons Learned from Building a Power-efficient Top-20 System and Data Centre},
  journal={Journal of Physics: Conference Series},
  volume={256},
  number={1},
  pages={012026},
  url={http://stacks.iop.org/1742-6596/256/i=1/a=012026},
  year={2010}
  
}

@inproceedings{ptolemy,
      author         = "Betts, S. and others",
      title          = "{Development of a Relic Neutrino Detection Experiment at
                        PTOLEMY: Princeton Tritium Observatory for Light,
                        Early-Universe, Massive-Neutrino Yield}",
      booktitle      = "{Community Summer Study 2013: Snowmass on the Mississippi
                        (CSS2013) Minneapolis, MN, USA, July 29-August 6, 2013}",
      url            = "http://www.slac.stanford.edu/econf/C1307292/docs/submittedArxivFiles/1307.4738.pdf",
      year           = "2013",
      eprint         = "1307.4738",
      archivePrefix  = "arXiv",
      primaryClass   = "astro-ph.IM",
      SLACcitation   = "%%CITATION = ARXIV:1307.4738;%%"
}

@article{wigglez,
      author         = "Riemer-S{\o}rensen, Signe and Parkinson, David and Davis,
                        Tamara M.",
      title          = "{Combining Planck data with large scale structure
                        information gives a strong neutrino mass constraint}",
      journal        = "Phys. Rev.",
      volume         = "D89",
      year           = "2014",
      pages          = "103505",
      doi            = "10.1103/PhysRevD.89.103505",
      eprint         = "1306.4153",
      archivePrefix  = "arXiv",
      primaryClass   = "astro-ph.CO",
      SLACcitation   = "%%CITATION = ARXIV:1306.4153;%%"
}

@article{planck15nu,
      author         = "Ade, P. A. R. and others",
      title          = "{Planck 2015 results. XV. Gravitational lensing}",
      collaboration  = "Planck",
      year           = "2015",
      eprint         = "1502.01591",
      archivePrefix  = "arXiv",
      primaryClass   = "astro-ph.CO",
      SLACcitation   = "%%CITATION = ARXIV:1502.01591;%%"
}

@article{takahashi12,
      author         = "Takahashi, Ryuichi and Sato, Masanori and Nishimichi,
                        Takahiro and Taruya, Atsushi and Oguri, Masamune",
      title          = "{Revising the Halofit Model for the Nonlinear Matter
                        Power Spectrum}",
      journal        = "Astrophys. J.",
      volume         = "761",
      year           = "2012",
      pages          = "152",
      doi            = "10.1088/0004-637X/761/2/152",
      eprint         = "1208.2701",
      archivePrefix  = "arXiv",
      primaryClass   = "astro-ph.CO",
      SLACcitation   = "%%CITATION = ARXIV:1208.2701;%%"
}

@article{bird12,
      author         = "Bird, Simeon and Viel, Matteo and Haehnelt, Martin G.",
      title          = "{Massive Neutrinos and the Non-linear Matter Power
                        Spectrum}",
      journal        = "Mon. Not. Roy. Astron. Soc.",
      volume         = "420",
      year           = "2012",
      pages          = "2551-2561",
      doi            = "10.1111/j.1365-2966.2011.20222.x",
      eprint         = "1109.4416",
      archivePrefix  = "arXiv",
      primaryClass   = "astro-ph.CO",
      SLACcitation   = "%%CITATION = ARXIV:1109.4416;%%"
}

@article{icecube,
      author         = "Aartsen, M. G. and others",
      title          = "{Evidence for Astrophysical Muon Neutrinos from the
                        Northern Sky with IceCube}",
      collaboration  = "IceCube",
      year           = "2015",
      eprint         = "1507.04005",
      archivePrefix  = "arXiv",
      primaryClass   = "astro-ph.HE",
      SLACcitation   = "%%CITATION = ARXIV:1507.04005;%%"
}
